<?xml version="1.0" encoding="UTF-8"?><collection xmlns="http://www.loc.gov/MARC21/slim"><record><leader>00605nam--2200181-i-4500</leader><controlfield tag="001">000023153</controlfield><controlfield tag="002">20161230</controlfield><controlfield tag="005">20161230201034</controlfield><controlfield tag="008">060222s1000------------r-----000-0-fre-d</controlfield><datafield ind1=" " ind2=" " tag="040"><subfield code="a">IFIN-HH</subfield></datafield><datafield ind1=" " ind2=" " tag="041"><subfield code="a">fre</subfield></datafield><datafield ind1=" " ind2=" " tag="080"><subfield code="a">539.17:539.163.2:546.45:539.144(043)(047)</subfield></datafield><datafield ind1="1" ind2=" " tag="100"><subfield code="a">Gerardin, Claude</subfield></datafield><datafield ind1="1" ind2="0" tag="245"><subfield code="a">Spectroscopie des etates faiblement excites du 9be. etude des certaines reactions conduisant a ces etats</subfield><subfield code="b">These</subfield><subfield code="c">Claude gerardin</subfield></datafield><datafield ind1=" " ind2=" " tag="260"><subfield code="a">Strasbourg</subfield><subfield code="b">Faculte Des Sciences De L`Universite De Strasbourg</subfield><subfield code="c">1970</subfield></datafield><datafield ind1=" " ind2=" " tag="300"><subfield code="a">90P</subfield></datafield><datafield ind1=" " ind2=" " tag="852"><subfield code="a">35815</subfield><subfield code="c">539.163.2</subfield></datafield><datafield ind1=" " ind2=" " tag="CAT"><subfield code="a">Sys</subfield><subfield code="c">20120524</subfield><subfield code="h">101001</subfield></datafield></record></collection>